
@Online{BS,
    title   = {B.S. Detector},
    url = {https://github.com/selfagency/bs-detector},
    urldate = {04.06.2019}
}

@Online{data,
    title   = {Fake News Classifier - Final Project},
    url = {https://www.kaggle.com/anthonyc1/fake-news-classifier-final-project},
    urldate = {04.06.2019}
}