@Online{angli,
    title   = {Anglizismus des Jahres},
    url = {http://www.anglizismusdesjahres.de/anglizismen-des-jahres/adj-2016/},
    urldate = {04.06.2019}
}

@Online{BS,
    title   = {B.S. Detector},
    url = {https://github.com/selfagency/bs-detector},
    urldate = {04.06.2019}
}